@book{Gelman2013,
	title={Bayesian data analysis},
	author={Gelman, Andrew and Carlin, John B and Stern, Hal S and Dunson, David B and Vehtari, Aki and Rubin, Donald B},
	edition={3rd},
	year={2014},
	publisher={Chapman \& Hall/CRC}
}


@article{donoho2009observed,
	title={Observed universality of phase transitions in high-dimensional geometry, with implications for modern data analysis and signal processing},
	author={Donoho, David and Tanner, Jared},
	journal={Philosophical Transactions of the Royal Society A: Mathematical, Physical and Engineering Sciences},
	volume={367},
	number={1906},
	pages={4273--4293},
	year={2009},
	publisher={The Royal Society Publishing}
}